<?xml version="1.0" encoding="UTF-8"?><collection xmlns="http://www.loc.gov/MARC21/slim"><record><leader>00584nam--2200205-u-4500</leader><controlfield tag="001">000051233</controlfield><controlfield tag="002">20161230</controlfield><controlfield tag="005">20161230201049</controlfield><controlfield tag="008">080603s1000------------r-----000-0-eng-d</controlfield><datafield ind1=" " ind2=" " tag="040"><subfield code="a">IFIN-HH</subfield></datafield><datafield ind1=" " ind2=" " tag="080"><subfield code="a">515</subfield></datafield><datafield ind1="1" ind2=" " tag="100"><subfield code="a">Ortega,Juan-Pablo and Ratiu,Tudor S</subfield></datafield><datafield ind1="1" ind2="0" tag="245"><subfield code="a">Momentum Maps and Hamiltonian Reduction</subfield></datafield><datafield ind1=" " ind2=" " tag="260"><subfield code="a">Boston</subfield><subfield code="b">Birkhauser</subfield><subfield code="c">2004</subfield></datafield><datafield ind1=" " ind2=" " tag="300"><subfield code="a">497 p</subfield></datafield><datafield ind1=" " ind2=" " tag="490"><subfield code="a">Progress in Mathematics</subfield><subfield code="v">Vol.222</subfield></datafield><datafield ind1=" " ind2=" " tag="504"><subfield code="a">Includes Bibliographical References and Index</subfield></datafield><datafield ind1=" " ind2="4" tag="650"><subfield code="a">Four Hamiltonian Systems</subfield></datafield><datafield ind1=" " ind2=" " tag="852"><subfield code="a">81626</subfield><subfield code="c">513.73</subfield></datafield><datafield ind1=" " ind2=" " tag="CAT"><subfield code="a">Sys</subfield><subfield code="c">20080603</subfield><subfield code="h">113829</subfield></datafield></record></collection>